@misc{zhang2017stackgan,
      title={StackGAN: Text to Photo-realistic Image Synthesis with Stacked Generative Adversarial Networks}, 
      author={Han Zhang and Tao Xu and Hongsheng Li and Shaoting Zhang and Xiaogang Wang and Xiaolei Huang and Dimitris Metaxas},
      year={2017},
      eprint={1612.03242},
      archivePrefix={arXiv},
      primaryClass={cs.CV}
}